@online{sharp-gp2y1010au0f,
	author = "Sharp",
	title = "GP2Y1010AU0F Application Note",
	url = "http://www.sharp-world.com/products/device/lineup/data/pdf/datasheet/gp2y1010au_appl_e.pdf",
	urldate = 2018
}

@online{mcp3002,
        author = "Microchip Technology",
        title = "MCP3002",
        url = "http://ww1.microchip.com/downloads/en/DeviceDoc/21294E.pdf",
        urldate = 2018
}

@online{rbpi-wiki,
        author = "Wikipedia, The Free Encyclopedia",
        title = "Raspberry Pi",
        url = "https://en.wikipedia.org/wiki/Raspberry_Pi",
        urldate = 2018
}

@online{hdf5,
        author = "HDF Group",
        title = "HDF5 File Format",
        url = "https://support.hdfgroup.org/HDF5/doc1.8/H5.intro.html",
        urldate = 2018
}

@online{grimm-min-las,
        author = "Grimm",
        title = "Grimm Portable Laser Aerosol Spectrometer",
        url = "http://wiki.grimm-aerosol.de/images/b/b8/D_E_11-E_Mini-LAS_rev1p1.pdf",
        urldate = 2018
}

@online{json,
        author = "Wikipedia, The Free Encyclopedia",
        title = "JSON",
        url = "https://en.wikipedia.org/wiki/JSON",
        urldate = 2018
}
